<record><leader>00000cas a22000007a 4500</leader><controlfield tag="001">13171497</controlfield><controlfield tag="008">860219d19751983pauwr ne      0    0eng d</controlfield><datafield ind1=" " ind2=" " tag="010"><subfield code="a">sn 86081127 </subfield></datafield><datafield ind1=" " ind2=" " tag="040"><subfield code="a">NPH</subfield><subfield code="b">eng</subfield><subfield code="c">NPH</subfield><subfield code="d">OCLCQ</subfield></datafield><datafield ind1=" " ind2=" " tag="042"><subfield code="a">msc</subfield></datafield><datafield ind1="0" ind2=" " tag="130"><subfield code="a">Wellsboro gazette combined with Mansfield advertiser (Combined ed.)</subfield></datafield><datafield ind1="1" ind2="4" tag="245"><subfield code="a">The Wellsboro gazette combined with Mansfield advertiser.</subfield></datafield><datafield ind1=" " ind2=" " tag="250"><subfield code="a">[Combined ed.].</subfield></datafield><datafield ind1=" " ind2=" " tag="260"><subfield code="a">Wellsboro, Pa. :</subfield><subfield code="b">Tioga Print. Corp.,</subfield><subfield code="c">1975-1983.</subfield></datafield><datafield ind1=" " ind2=" " tag="300"><subfield code="a">8 v.</subfield></datafield><datafield ind1=" " ind2=" " tag="310"><subfield code="a">Weekly</subfield></datafield><datafield ind1="0" ind2=" " tag="362"><subfield code="a">101st. yr., no. 2 (Nov. 20, 1975)-109th yr., no. 6 (Dec. 28, 1983).</subfield></datafield><datafield ind1=" " ind2=" " tag="500"><subfield code="a">Published every Thursday.</subfield></datafield><datafield ind1=" " ind2=" " tag="752"><subfield code="a">United States</subfield><subfield code="b">Pennsylvania</subfield><subfield code="c">Tioga</subfield><subfield code="d">Wellsboro.</subfield></datafield><datafield ind1="0" ind2="4" tag="780"><subfield code="t">Wellsboro gazette combined with Mansfield advertiser (Mansfield ed.)</subfield><subfield code="w">(DLC)sn 86081126</subfield></datafield><datafield ind1="0" ind2="4" tag="780"><subfield code="t">Wellsboro gazette combined with Mansfield advertiser (Wellsboro ed.)</subfield><subfield code="w">(DLC)sn 86081125</subfield></datafield><datafield ind1="0" ind2="0" tag="785"><subfield code="t">Wellsboro gazette (Wellsboro, Pa. : 1984)</subfield><subfield code="w">(DLC)sn 86081128</subfield></datafield></record>